@inproceedings{Al-ShaerA10:2010,
    added-at = {2013-01-16T00:00:00.000+0100},
    author = {Al-Shaer, Ehab and Al-Haj, Saeed},
    biburl = {http://www.bibsonomy.org/bibtex/2c3a1d8420079d9ac4d6a418b2c4990f3/dblp},
    booktitle = {SafeConfig},
    editor = {Sager, Tony and Ahn, Gail-Joon and Kant, Krishna and Lipford, Heather Richter},
    ee = {http://doi.acm.org/10.1145/1866898.1866905},
    interhash = {5a61950373fa676dfdabf9b4d1a51a02},
    intrahash = {c3a1d8420079d9ac4d6a418b2c4990f3},
    isbn = {978-1-4503-0093-3},
    keywords = {dblp},
    pages = {37-44},
    publisher = {ACM},
    timestamp = {2013-01-17T11:37:56.000+0100},
    title = {FlowChecker: configuration analysis and verification of federated openflow infrastructures.},
    url = {http://dblp.uni-trier.de/db/conf/safeconfig/safeconfig2010.html#Al-ShaerA10},
    year = 2010
}

@inproceedings {180292,
    author = {Ahmed Khurshid and Xuan Zou and Wenxuan Zhou and Matthew Caesar and P. Brighten Godfrey},
    title = {VeriFlow: Verifying Network-Wide Invariants in Real Time},
    booktitle = {Presented as part of the 10th USENIX Symposium on Networked Systems Design and Implementation (NSDI 13)},
    year = {2013},
    isbn = {978-1-931971-00-3},
    address = {Lombard, IL},
    pages = {15--27},
    url = {https://www.usenix.org/conference/nsdi13/technical-sessions/presentation/khurshid},
    publisher = {USENIX},
}

@article{Ball_2014,
	author = {Ball, Thomas and Bj{\o}rner, Nikolaj and Gember, Aaron and Itzhaky, Shachar and Karbyshev, Aleksandr and Sagiv, Mooly and Schapira, Michael and Valadarsky, Asaf},
	title = {VeriCon: Towards Verifying Controller Programs in Software-defined Networks},
	journal = {SIGPLAN Not.},
	issue_date = {June 2014},
	volume = {49},
	number = {6},
	month = jun,
	year = {2014},
	issn = {0362-1340},
	pages = {282--293},
	numpages = {12},
	url = {http://doi.acm.org/10.1145/2666356.2594317},
	doi = {10.1145/2666356.2594317},
	acmid = {2594317},
	publisher = {ACM},
	address = {New York, NY, USA},
	keywords = {Hoare-style verification, software-defined networks},
} 

@INPROCEEDINGS{6679403, 
	author={D. Sethi and S. Narayana and S. Malik}, 
	booktitle={2013 Formal Methods in Computer-Aided Design}, 
	title={Abstractions for model checking SDN controllers}, 
	year={2013}, 
	pages={145-148}, 
	keywords={centralised control;computer networks;formal verification;abstractions;centralized controller;computer networking community;distributed underlying network;full formal verification;learning switch;model checking SDN controllers;packet forwarding behavior;software defined networks;stateful firewall;Internet;Model checking;Network topology;Ports (Computers);Switches;Topology}, 
	doi={10.1109/FMCAD.2013.6679403}, 
	month={Oct},}

@inproceedings{Feamster_2005,
	author = {Feamster, Nick and Balakrishnan, Hari},
	title = {Detecting BGP Configuration Faults with Static Analysis},
	booktitle = {Proceedings of the 2Nd Conference on Symposium on Networked Systems Design \& Implementation - Volume 2},
	series = {NSDI'05},
	year = {2005},
	pages = {43--56},
	numpages = {14},
	url = {http://dl.acm.org/citation.cfm?id=1251203.1251207},
	acmid = {1251207},
	publisher = {USENIX Association},
	address = {Berkeley, CA, USA},
} 

@inproceedings{Liu:2009,
    author = {Alex X. Liu},
    title = {Formal Verification of Firewall Policies},
    address = {East Lansing, MI 48824-1266, U.S.A.},
    year = {2005},
    booktitle = {}
}

@inproceedings{Kazemian:2012:HSA:2228298.2228311,
 author = {Kazemian, Peyman and Varghese, George and McKeown, Nick},
 title = {Header Space Analysis: Static Checking for Networks},
 booktitle = {Proceedings of the 9th USENIX Conference on Networked Systems Design and Implementation},
 series = {NSDI'12},
 year = {2012},
 location = {San Jose, CA},
 pages = {9--9},
 numpages = {1},
 url = {http://dl.acm.org/citation.cfm?id=2228298.2228311},
 acmid = {2228311},
 publisher = {USENIX Association},
 address = {Berkeley, CA, USA},
} 


@INPROCEEDINGS{ModelCheckerSDN, 
	author={Majumdar, R. and Deep Tetali, S. and Wang, Z.}, 
	booktitle={Formal Methods in Computer-Aided Design (FMCAD), 2014}, 
	title={Kuai: A model checker for software-defined networks}, 
	year={2014}, 
	pages={163-170}, 
	
	month={Oct},}

@inproceedings{NelsonControllerProgramming,
	author = {Nelson, Tim and Guha, Arjun and Dougherty, Daniel J. and Fisler, Kathi and Krishnamurthi, Shriram},
	title = {A Balance of Power: Expressive, Analyzable Controller Programming},
	booktitle = {Proceedings of the Second ACM SIGCOMM Workshop on Hot Topics in Software Defined Networking},
	series = {HotSDN '13},
	year = {2013},
	isbn = {978-1-4503-2178-5},
	location = {Hong Kong, China},
	pages = {79--84},
	numpages = {6},
	url = {http://doi.acm.org/10.1145/2491185.2491201},
	doi = {10.1145/2491185.2491201},
	acmid = {2491201},
	publisher = {ACM},
	address = {New York, NY, USA},
	keywords = {network-programming languages, openflow, software-defined networks, verification},
}


@article{ TestingOpenFlowModelling,
	author = {Ruchansky, Natali and Proserpio, Davide},
	title = {A (Not) NICE Way to Verify the Openflow Switch Specification: Formal Modelling of the Openflow Switch Using Alloy},
	journal = {SIGCOMM Comput. Commun. Rev.},
	issue_date = {October 2013},
	volume = {43},
	number = {4},
	month = aug,
	year = {2013},
	issn = {0146-4833},
	pages = {527--528},
	numpages = {2},
	url = {http://doi.acm.org/10.1145/2534169.2491711},
	doi = {10.1145/2534169.2491711},
	acmid = {2491711},
	publisher = {ACM},
	address = {New York, NY, USA},
	keywords = {alloy, openflow switch},
} 
@Book{Mckeown_2008,
	author = 	 {Nick McKeown},
	title = 	 {OpenFlow: Enabling Innovation in Campus Networks},
	publisher = 	 {SIGCOMM},
	year = 	 {2008},
	edition = 	 {Volume 38, Issue 1}
}

@Book{Feamster_2010,
	author = 	 {Nick Feamster},
	title = 	 {The Road to SDN},
	publisher = 	 {ACM},
	year = 	 {2014},
	edition = 	 {Volume 11, Issue 12}
}

@Book{Sheerwood_2009,
	author = 	 {Sterbenz},
	title = 	 {Flowvisor: A network virtualization layer},
	publisher = 	 {Elsevier},
	year = 	 {2009},
	edition = 	 {Volume 54, Issue 8}
}

@INPROCEEDINGS{1498492, 
author={G. G. Xie and Jibin Zhan and D. A. Maltz and Hui Zhang and A. Greenberg and G. Hjalmtysson and J. Rexford}, 
booktitle={Proceedings IEEE 24th Annual Joint Conference of the IEEE Computer and Communications Societies.}, 
title={On static reachability analysis of IP networks}, 
year={2005}, 
volume={3}, 
pages={2170-2183 vol. 3}, 
keywords={IP networks;computer network reliability;failure analysis;reachability analysis;routing protocols;IP networks;failure analysis;packet filters;packet transformations;routers;routing protocols;static reachability analysis;Bones;Computer networks;Failure analysis;Filters;IP networks;Performance analysis;Probes;Reachability analysis;Routing protocols;Telecommunication traffic}, 
doi={10.1109/INFCOM.2005.1498492}, 
ISSN={0743-166X}, 
month={March},}

@INPROCEEDINGS{5359706, 
author={S. Husein and A. Oxley}, 
booktitle={2009 International Conference on Computer Technology and Development}, 
title={A Coupling and Cohesion Metrics Suite for Object-Oriented Software}, 
year={2009}, 
volume={1}, 
pages={421-425}, 
keywords={object-oriented methods;software metrics;software quality;cohesion metrics;coupling metrics;object-oriented software;software codes;software metric tools;software quality measurements;Humans;Information science;Message passing;Software engineering;Software maintenance;Software measurement;Software metrics;Software quality;Software tools;cohesion;coupling;object-oriented;software metric}, 
doi={10.1109/ICCTD.2009.209}, 
month={Nov},}

@INPROCEEDINGS{183360, 
author={Y. Kim and E. A. Stohr}, 
booktitle={Proceedings of the Twenty-Fifth Hawaii International Conference on System Sciences}, 
title={Software reuse: issues and research directions}, 
year={1992}, 
volume={iv}, 
pages={612-623 vol.4}, 
keywords={software reusability;RSS;design decisions;future research;non-technical issues;reuse support system;software development;software reusability research;total systems approach;Application software;Buildings;Costs;Delay;Productivity;Programming;Software maintenance;Software quality;Software reusability;Software testing}, 
doi={10.1109/HICSS.1992.183360}, 
month={Jan},}

@INPROCEEDINGS{7491821, 
author={S. Morzhov and I. Alekseev and M. Nikitinskiy}, 
booktitle={2016 International Siberian Conference on Control and Communications (SIBCON)}, 
title={Firewall application for Floodlight SDN controller}, 
year={2016}, 
pages={1-5}, 
keywords={Communication networks;Control systems;Firewalls (computing);Monitoring;Ports (Computers);Servers;ACL;Floodlight;SDN;access control list;firewall;network controller;rules anomalies resolving;software-defined network},
doi={10.1109/SIBCON.2016.7491821}, 
month={May},}

@INPROCEEDINGS{6860404, 
author={R. L. S. de Oliveira and C. M. Schweitzer and A. A. Shinoda and Ligia Rodrigues Prete}, 
booktitle={2014 IEEE Colombian Conference on Communications and Computing (COLCOM)}, 
title={Using Mininet for emulation and prototyping Software-Defined Networks}, 
year={2014}, 
pages={1-6}, 
keywords={Internet;computer networks;telecommunication network routing;virtualisation;Floodlight controller;Mininet tool;OpenFlow;World Wide Web;computer networks;forwarding data packet control;performance fidelity;routing data packet control;software-defined network emulation;software-defined network prototyping;virtual network emulators;virtualization;Control systems;Hardware;Operating systems;Prototypes;Routing;Topology;Floodlight;Mininet;OpenFlow;Software Defined Networking;emulation;virtualization}, 
doi={10.1109/ColComCon.2014.6860404}, 
month={June},}

@INPROCEEDINGS{7034588, 
author={M. J. Mišić and S. R. Gajin}, 
booktitle={2014 22nd Telecommunications Forum Telfor (TELFOR)}, 
title={Simulation of Software Defined Networks in Mininet environment}, 
year={2014}, 
pages={1055-1058}, 
keywords={computer network management;software defined networking;telecommunication traffic;Mininet simulation environment;SDN architecture;SDN prototyping;centralized control function;complex user needs;computer network management;content access;control plane;data plane;mobile access;multimedia content;network administrators;network traffic;software controller;software defined network simulation;Abstracts;Electronic mail;Firewalls (computing);IP networks;Java;Servers;Software defined networking}, 
doi={10.1109/TELFOR.2014.7034588}, 
month={Nov},}

@INPROCEEDINGS{6645544, 
author={N. Brunie and F. de Dinechin and M. Istoan and G. Sergent and K. Illyes and B. Popa}, 
booktitle={2013 23rd International Conference on Field programmable Logic and Applications}, 
title={Arithmetic core generation using bit heaps}, 
year={2013}, 
pages={1-8}, 
keywords={data structures;digital arithmetic;digital signal processing chips;field programmable gate arrays;logic design;optimisation;public domain software;DSP-enabled FPGA;advanced arithmetic cores;algebraic level;arbitrary number of bits;arithmetic core generation;bit heaps;circuit level;data structure;generic software framework;global optimization;open-source FloPoCo arithmetic core generator;software engineering;unevaluated sum;Adders;Digital signal processing;Field programmable gate arrays;Generators;Optimization;Table lookup}, 
doi={10.1109/FPL.2013.6645544}, 
ISSN={1946-147X}, 
month={Sept},}

@INPROCEEDINGS{7366816, 
author={C. C. Lo and P. Y. Wu and Y. H. Kuo}, 
booktitle={2015 International Telecommunication Networks and Applications Conference (ITNAC)}, 
title={Flow entry conflict detection scheme for software-defined network}, 
year={2015}, 
pages={220-225}, 
keywords={computer network management;data communication;software defined networking;telecommunication traffic;OpenFlow switches;SDN traffic management;data forwarding plane;flow entry conflict detection scheme;group classification method;network control plane;packet forward;reduced bit vector algorithm;software defined network architecture;Algorithm design and analysis;Classification algorithms;Complexity theory;Control systems;Memory management;Bit Vector;OpenFLow;Software-Defined Network;conflict detection},
doi={10.1109/ATNAC.2015.7366816}, 
month={Nov},}

@INPROCEEDINGS{7444854, 
author={D. Comer and R. H. Karandikar and A. Rastegarnia}, 
booktitle={2016 13th IEEE Annual Consumer Communications Networking Conference (CCNC)}, 
title={Redundancy Control using software defined networking}, 
year={2016}, 
pages={638-641}, 
keywords={computer network performance evaluation;computer network reliability;redundancy;software defined networking;RC;computer network resiliency;mission-critical applications;multiple disjoint paths;network element;network nodes;packet duplication;packet transmission;path performance monitoring;redundancy controller;redundancy end host request;software defined networking;Control systems;Delays;Hardware;IP networks;Protocols;Redundancy;Software;OpenFlow;Software Defined Networking;mission-critical applications;network reliability;redundant paths}, 
doi={10.1109/CCNC.2016.7444854}, 
month={Jan},}

@INPROCEEDINGS{6733614, 
author={H. Yang and S. S. Lam}, 
booktitle={2013 21st IEEE International Conference on Network Protocols (ICNP)}, 
title={Real-time verification of network properties using Atomic Predicates}, 
year={2013}, 
pages={1-11}, 
keywords={computer network management;formal verification;protocols;ACLs;AP verifier;NetPlumber;atomic predicates;forwarding tables;network management;network policy;network property;network reachability;network state;packet filters;protocols;real-time verification;rule insertion;software-defined network;space costs;time costs;Boolean functions;Data structures;Educational institutions;IP networks;Ports (Computers);Protocols;Real-time systems}, 
doi={10.1109/ICNP.2013.6733614}, 
ISSN={1092-1648}, 
month={Oct},}

@inproceedings{Khurshid:2012:VVN:2342441.2342452,
 author = {Khurshid, Ahmed and Zhou, Wenxuan and Caesar, Matthew and Godfrey, P. Brighten},
 title = {VeriFlow: Verifying Network-wide Invariants in Real Time},
 booktitle = {Proceedings of the First Workshop on Hot Topics in Software Defined Networks},
 series = {HotSDN '12},
 year = {2012},
 isbn = {978-1-4503-1477-0},
 location = {Helsinki, Finland},
 pages = {49--54},
 numpages = {6},
 url = {http://doi.acm.org/10.1145/2342441.2342452},
 doi = {10.1145/2342441.2342452},
 acmid = {2342452},
 publisher = {ACM},
 address = {New York, NY, USA},
 keywords = {debugging, forwarding, openflow, real time, software-defined networking},
} 

@ARTICLE{1096516, 
author={Wai Lai}, 
journal={IEEE Transactions on Communications}, 
title={End-to-End Probability of Undetected Error in Computer Networks}, 
year={1986}, 
volume={34}, 
number={3}, 
pages={291-293}, 
keywords={Computer networks;Packet switching;Communication system control;Computer errors;Computer networks;Error correction;Packet switching;Protocols}, 
doi={10.1109/TCOM.1986.1096516}, 
ISSN={0090-6778}, 
month={Mar},}

@INPROCEEDINGS{5958483, 
author={K. Pathak and A. Tiwari and N. S. Chaudhari}, 
booktitle={2011 International Conference on Emerging Trends in Networks and Computer Communications (ETNCC)}, 
title={A reduction of 3-Sat problem from optimal sanitization in association rule hiding}, 
year={2011}, 
pages={43-46}, 
keywords={computability;data encapsulation;data mining;data privacy;security of data;3-SAT problem;association rule hiding;confidentiality protection;data mining;data privacy;data protection;data repository;data security;database security;government statistical agency;machine learning algorithm;optimal data sanitization;sensitive information;unauthorized access;Association rules;Data privacy;Finite element methods;Itemsets;Security;3-SAT;Association Rule;Data Sanitization;Data mining;NP-Complete}, 
doi={10.1109/ETNCC.2011.5958483}, 
month={April},}

@INPROCEEDINGS{7127376, 
author={C. Radojicic and T. Purusothaman and C. Grimm}, 
booktitle={2015 10th International Conference on Design Technology of Integrated Systems in Nanoscale Era (DTIS)}, 
title={Towards formal validation: Symbolic simulation of SystemC models}, 
year={2015}, 
pages={1-6}, 
keywords={C++ language;computational complexity;digital simulation;formal specification;symbol manipulation;C++;SYCYPHOS framework;SystemC AMS;SystemC models;formal validation;software systems;symbolic simulation;usage scenarios;Computational modeling;Data models;Instruments;Mathematical model;Model checking;Software;Uncertainty}, 
doi={10.1109/DTIS.2015.7127376}, 
month={April},}

@INPROCEEDINGS{655848, 
author={Y. W. Hsieh and S. P. Levitan}, 
booktitle={Proceedings Design, Automation and Test in Europe}, 
title={Model abstraction for formal verification}, 
year={1998}, 
pages={140-147}, 
keywords={circuit CAD;formal verification;hardware description languages;VHDL;circuit design;formal verification;model abstraction;semantic extraction;Automata;Automatic control;Circuit synthesis;Circuit testing;Computational modeling;Data mining;Design methodology;Discrete event simulation;Formal verification;Safety}, 
doi={10.1109/DATE.1998.655848}, 
month={Feb},}

@INPROCEEDINGS{1395835, 
author={Y. Umezawa and T. Shimizu}, 
booktitle={Design, Automation and Test in Europe}, 
title={A formal verification methodology for checking data integrity}, 
year={2005}, 
pages={284-289 Vol. 3}, 
keywords={data integrity;formal verification;logic simulation;logic testing;system-on-chip;SoC;Verifiable RTL;availability;data integrity;designs under test;formal model checking;formal verification;leaf modules;reliability;serviceability;system on chip;Availability;Computational modeling;Computer bugs;Formal languages;Formal verification;Laboratories;Logic design;Performance evaluation;System-on-a-chip;Testing}, 
doi={10.1109/DATE.2005.15}, 
ISSN={1530-1591}, 
month={March},}

@ARTICLE{6936857, 
author={R. Sundar and S. Hebbar and V. Golla}, 
journal={IEEE Sensors Journal}, 
title={Implementing Intelligent Traffic Control System for Congestion Control, Ambulance Clearance, and Stolen Vehicle Detection}, 
year={2015}, 
volume={15}, 
number={2}, 
pages={1109-1113}, 
keywords={Zigbee;cellular radio;intelligent control;intelligent transportation systems;radiofrequency identification;road traffic control;system-on-chip;GSM SIM300;NSK EDK-125-TTL;PIC16F877A system-on-chip;RFID reader;RFID tag;ZigBee modules;ambulance clearance;congestion control;green light duration;intelligent traffic control system;network congestion;police control room;radio frequency identification;stolen vehicle detection;GSM;Junctions;Microcontrollers;Radiofrequency identification;Traffic control;Vehicles;Zigbee;Ambulance Vehicle;CC2500;Congestion Control;GSM;PIC16F877A;SIM300;Stolen Vehicle;Traffic Junction;ZigBee;ambulance vehicle;congestion control;stolen vehicle;traffic junction}, 
doi={10.1109/JSEN.2014.2360288}, 
ISSN={1530-437X}, 
month={Feb},}

@INPROCEEDINGS{6337807, 
author={Z. Cui and L. Chen and M. Chen and Y. Bao and Y. Huang and H. Lv}, 
booktitle={2012 IEEE International Conference on Cluster Computing}, 
title={Evaluation and Optimization of Breadth-First Search on NUMA Cluster}, 
year={2012}, 
pages={438-448}, 
keywords={application program interfaces;graph theory;memory architecture;optimisation;storage management;tree searching;BFS;Graph500 ranking;MPI process;NUMA cluster;OpenMP hybrid programming;R-MAT graph;breadth first search;communication data structure;graph analysis algorithm;intranode communication;memory capacity;multisocket node;network bandwidth;optimization;remote memory;Algorithm design and analysis;Bandwidth;Clustering algorithms;Computer architecture;Instruction sets;Optimization;Sockets;Allgather;BFS;Graph;MPI/OpenMP;NUMA}, 
doi={10.1109/CLUSTER.2012.29}, 
ISSN={1552-5244}, 
month={Sept},}

@ARTICLE{5934351, 
author={Y. Ishizaka and Y. Kawaguchi and K. Saitoh and M. Koshiba}, 
journal={Journal of Lightwave Technology}, 
title={Design of Optical XOR, XNOR, NAND, and OR Logic Gates Based on Multi-Mode Interference Waveguides for Binary-Phase-Shift-Keyed Signal}, 
year={2011}, 
volume={29}, 
number={18}, 
pages={2836-2846}, 
keywords={amplitude shift keying;finite element analysis;light interference;logic gates;optical design techniques;optical information processing;optical logic;optical waveguides;packet switching;phase shift keying;NAND;ON-OFF logic level contrast ratios;OR logic gates;binary phase shift keyed signal processing devices;finite element method;multimode interference waveguides;optical XNOR;optical XOR;packet switching systems;Binary phase shift keying;Couplers;Logic gates;Optical amplifiers;Optical packet switching;Optical receivers;Optical waveguides;Binary-phase-shift-keyed modulation format;finite element method;multi-mode interference;optical logic gate}, 
doi={10.1109/JLT.2011.2160712}, 
ISSN={0733-8724}, 
month={Sept},}

@INPROCEEDINGS{5229862, 
author={Li Hui and He Yu and Jiang Zhihong and Huang Yuancan and Huang Qiang}, 
booktitle={2009 IEEE/ASME International Conference on Advanced Intelligent Mechatronics}, 
title={High-cohesion and low-coupling integrative joint for space manipulator}, 
year={2009}, 
pages={1463-1467}, 
keywords={electric actuators;manipulators;permanent magnet motors;synchronous motors;complex routing;dual-redundancy detection;low-coupling integrative joint;motor rotor;permanent magnet synchronous motor;space manipulator;Control systems;Manipulators;Permanent magnet motors;Rotors;Routing;Shafts;Space technology;Synchronous motors;System performance;Temperature control}, 
doi={10.1109/AIM.2009.5229862}, 
ISSN={2159-6247}, 
month={July},}

@INPROCEEDINGS{1204291, 
author={A. P. R. da Silva and F. A. Teixeira and R. K. V. Lage and L. B. Ruiz and A. A. F. Loureiro and J. M. S. Nogueira}, 
booktitle={The Ninth IEEE Workshop on Future Trends of Distributed Computing Systems, 2003. FTDCS 2003. Proceedings.}, 
title={Using a distributed snapshot algorithm in wireless sensor networks}, 
year={2003}, 
pages={31-37}, 
keywords={distributed algorithms;information dissemination;wireless sensor networks;WSN energy map;distributed algorithm;distributed snapshot algorithm;information broadcast;information propagation feedback;wireless sensor network;Batteries;Broadcasting;Chemical sensors;Computer science;Distributed algorithms;Distributed computing;Intelligent networks;Temperature sensors;Wireless communication;Wireless sensor networks}, 
doi={10.1109/FTDCS.2003.1204291}, 
ISSN={1071-0485}, 
month={May},}

@INPROCEEDINGS{101609, 
author={J. Helary and N. Plouzeau and M. Raynal}, 
booktitle={Ninth Annual International Phoenix Conference on Computers and Communications. 1990 Conference Proceedings}, 
title={Computing particular snapshots in distributed systems}, 
year={1990}, 
pages={116-123}, 
keywords={computer networks;distributed processing;algorithmic techniques;distributed systems;markers;message counting;network traversal;particular snapshots;ring traversal;unstable global states;virtual Hamiltonian cycle;Algorithm design and analysis;Centralized control;Computer architecture;Concurrent computing;Distributed computing;Lakes;Large Hadron Collider;Parallel processing;Resists;Stability}, 
doi={10.1109/PCCC.1990.101609}, 
month={Mar},}

@INPROCEEDINGS{1613116, 
author={C. Karfa and C. Mandal and D. Sarkar and S. R. Pentakota and C. Reade}, 
booktitle={7th International Symposium on Quality Electronic Design (ISQED'06)}, 
title={A formal verification method of scheduling in high-level synthesis}, 
year={2006}, 
pages={6 pp.-78}, 
keywords={finite state machines;formal specification;formal verification;high level synthesis;FSMD model;arithmetic transformations;finite path segments;finite state machine;formal verification method;high-level behavioural specification;high-level synthesis;Arithmetic;Automata;Automatic control;Data visualization;Flow graphs;Formal verification;High level synthesis;Merging;Processor scheduling;Scheduling algorithm}, 
doi={10.1109/ISQED.2006.10}, 
ISSN={1948-3287}, 
month={March},}

@INPROCEEDINGS{5564050, 
author={Zhang Si-bing and Chen Jie and Wang Ya}, 
booktitle={2010 3rd International Conference on Computer Science and Information Technology}, 
title={A formal verification method of hybrid system and simulation}, 
year={2010}, 
volume={4}, 
pages={411-415}, 
keywords={finite state machines;formal verification;CheckMate;MATLAB;continuous state variation;discrete state transfer;dynamic system;finite state machine;formal verification method;polyhedral invariant hybrid automaton;stream pipe;system modeling;threshold-event-driven hybrid system;verification tool;Analytical models;Artificial neural networks;Computer languages;Educational institutions;Mathematical model;Prototypes;CheckMate;finite automaton;hybrid system;stream pipe approximation}, 
doi={10.1109/ICCSIT.2010.5564050}, 
month={July},}

@ARTICLE{1215682, 
author={C. J. Tomlin and I. Mitchell and A. M. Bayen and M. Oishi}, 
journal={Proceedings of the IEEE}, 
title={Computational techniques for the verification of hybrid systems}, 
year={2003}, 
volume={91}, 
number={7}, 
pages={986-1001}, 
keywords={aircraft control;automata theory;collision avoidance;formal verification;game theory;reachability analysis;system theory;aircraft collision avoidance protocols;automata;autopilot logic;computer science verification;continuous dynamical systems;control theory;discrete state systems;hybrid system theory;hybrid systems;reachability;two-person zero-sum game;verification;Aircraft;Automata;Automatic control;Computer science;Control system analysis;Control system synthesis;Control systems;Control theory;Differential equations;Logic}, 
doi={10.1109/JPROC.2003.814621}, 
ISSN={0018-9219}, 
month={July},}

@INPROCEEDINGS{7823754, 
author={Y. Yang and X. Huang and S. Cheng and S. Chen and P. Cong}, 
booktitle={2016 IEEE 22nd International Conference on Parallel and Distributed Systems (ICPADS)}, 
title={SHSA: A Method of Network Verification with Stateful Header Space Analysis}, 
year={2016}, 
pages={232-238}, 
keywords={software defined networking;Open vSwitch;SDN;SHSA;data plane consistency;dynamic data plane;dynamic data plane verification;hybrid software-defined network;middleboxes;network verification;network verification method;reachability;stateful header space analysis;Firewalls (computing);Heuristic algorithms;Load modeling;Middleboxes;Network topology;Ports (Computers);Transfer functions;Data Plane Consistency;Hybrid Software Defined Network;Loop;Reachability;Stateful Middleboxes}, 
doi={10.1109/ICPADS.2016.0039}, 
ISSN={1521-9097}, 
month={Dec},}

@inproceedings {180587,
author = {Peyman Kazemian and George Varghese and Nick McKeown},
title = {Header Space Analysis: Static Checking for Networks},
booktitle = {Presented as part of the 9th USENIX Symposium on Networked Systems Design and Implementation (NSDI 12)},
year = {2012},
isbn = {978-931971-92-8},
address = {San Jose, CA},
pages = {113--126},
url = {https://www.usenix.org/conference/nsdi12/technical-sessions/presentation/kazemian},
publisher = {USENIX},}